{
    "data": [
        {
            "company": "HCP",
            "description": "HashiCorp, Inc. provides multi-cloud infrastructure automation solutions worldwide. The company offers Terraform, an infrastructure provisioning product that applies an Infrastructure-as-Code approach, where processes and configuration required to support applications are codified and automated instead of being manual and ticket-based; and Vault, a secrets management and data protection product, which enables security teams to apply policies based on application and user identity to govern access to credentials and secure sensitive data. It also provides Consul, an application-centric networking automation product that enables practitioners to manage application traffic, security teams to secure and restrict access between applications, and operations teams to automate the underlying network infrastructure; and Nomad, a scheduler and workload orchestrator, which provides practitioners with a self-service interface to manage the application lifecycle. The company was incorporated in 2012 and is headquartered in San Francisco, California.",
            "logo": "https://static2.finnhub.io/file/publicdatany/finnhubimage/stock_logo/950400598346.svg",
            "peRatio": -16.927035991531408,
            "psRatio": 7.568080341766877,
            "pbRatio": 3.441229137691238,
            "pcfRatio": -93.98100122156409,
            "dates": [
                "4/30/19",
                "7/31/19",
                "10/31/19",
                "1/31/20",
                "4/30/20",
                "7/31/20",
                "10/31/20",
                "1/31/21",
                "4/30/21",
                "7/31/21",
                "10/31/21",
                "1/31/22",
                "4/30/22",
                "7/31/22",
                "10/31/22",
                "1/31/23",
                "4/30/23",
                "7/31/23"
            ],
            "revenue": [
                22236000,
                26386000,
                33464000,
                39175000,
                44288000,
                50504000,
                55242000,
                61820000,
                66912000,
                75113000,
                82221000,
                96523000,
                100897000,
                113863000,
                125341000,
                135788000,
                137983000,
                143246000
            ]
        },
        {
            "company": "NOW",
            "description": "ServiceNow, Inc. provides enterprise cloud computing solutions that defines, structures, consolidates, manages, and automates services for enterprises worldwide. It operates the Now platform for workflow automation, artificial intelligence, machine learning, robotic process automation, performance analytics, electronic service catalogs and portals, configuration management systems, data benchmarking, encryption, and collaboration and development tools. The company also provides information technology (IT) service management applications; IT service management product suite for enterprise's employees, customers, and partners; IT business management product suite; IT operations management product that connects a customer's physical and cloud-based IT infrastructure; IT Asset Management to automate IT asset lifecycles; and security operations that connects with internal and third party. In addition, it offers governance, risk, and compliance product to manage risk and resilience; human resources, legal, and workplace service delivery products; safe workplace applications; customer service management product; and field service management applications. Further, it provides App Engine product; IntegrationHub enables application to extend workflows; and professional, industry solutions, and customer support services. It serves government, financial services, healthcare, telecommunications, manufacturing, IT services, technology, oil and gas, education, and consumer products through direct sales team and resale partners. It has a strategic partnership with Celonis to help customers identify and prioritize processes that are suitable for automation. The company was formerly known as Service-now.com and changed its name to ServiceNow, Inc. in May 2012. The company was founded in 2004 and is headquartered in Santa Clara, California.",
            "logo": "https://static2.finnhub.io/file/publicdatany/finnhubimage/stock_logo/NOW.svg",
            "peRatio": 86.16881311475409,
            "psRatio": 16.174034381283928,
            "pbRatio": 19.0286462823726,
            "pcfRatio": 46.24830375634518,
            "dates": [
                "9/30/10",
                "12/31/10",
                "3/31/11",
                "6/30/11",
                "12/31/11",
                "3/31/12",
                "6/30/12",
                "9/30/12",
                "12/31/12",
                "3/31/13",
                "6/30/13",
                "9/30/13",
                "12/31/13",
                "3/31/14",
                "6/30/14",
                "9/30/14",
                "12/31/14",
                "3/31/15",
                "6/30/15",
                "9/30/15",
                "12/31/15",
                "3/31/16",
                "6/30/16",
                "9/30/16",
                "12/31/16",
                "3/31/17",
                "6/30/17",
                "9/30/17",
                "12/31/17",
                "3/31/18",
                "6/30/18",
                "9/30/18",
                "12/31/18",
                "3/31/19",
                "6/30/19",
                "9/30/19",
                "12/31/19",
                "3/31/20",
                "6/30/20",
                "9/30/20",
                "12/31/20",
                "3/31/21",
                "6/30/21",
                "9/30/21",
                "12/31/21",
                "3/31/22",
                "6/30/22",
                "9/30/22",
                "12/31/22",
                "3/31/23",
                "6/30/23",
                "9/30/23"
            ],
            "revenue": [
                16600000,
                21400000,
                25200000,
                29500000,
                73375000,
                47431000,
                56774000,
                64345000,
                75162000,
                85939000,
                102222000,
                111259000,
                125230000,
                139090000,
                166757000,
                178712000,
                198004000,
                211964000,
                246716000,
                261150000,
                285650000,
                305879000,
                341312000,
                357656000,
                385666000,
                416783000,
                471703000,
                498170000,
                546370000,
                589222000,
                631056000,
                673097000,
                715441000,
                788926000,
                833904000,
                885833000,
                951774000,
                1046340000,
                1070842000,
                1151972000,
                1250330000,
                1360000000,
                1409000000,
                1512000000,
                1614000000,
                1722000000,
                1752000000,
                1831000000,
                1940000000,
                2096000000,
                2150000000,
                2288000000
            ]
        }
    ]
}