{"data":[{"ticker":"HCP","company":"Hashicorp","sector":"Infrastructure","description":"HashiCorp, Inc. provides multi-cloud infrastructure automation solutions worldwide. The company offers Terraform, an infrastructure provisioning product that applies an Infrastructure-as-Code approach, where processes and configuration required to support applications are codified and automated instead of being manual and ticket-based; and Vault, a secrets management and data protection product, which enables security teams to apply policies based on application and user identity to govern access to credentials and secure sensitive data. It also provides Consul, an application-centric networking automation product that enables practitioners to manage application traffic, security teams to secure and restrict access between applications, and operations teams to automate the underlying network infrastructure; and Nomad, a scheduler and workload orchestrator, which provides practitioners with a self-service interface to manage the application lifecycle. The company was incorporated in 2012 and is headquartered in San Francisco, California.","logo":"https://static2.finnhub.io/file/publicdatany/finnhubimage/stock_logo/950400598346.svg","peRatio":"-16.70","psRatio":"7.47","pbRatio":"3.40","pcfRatio":"-92.74","dates":["4/30/19","7/31/19","10/31/19","1/31/20","4/30/20","7/31/20","10/31/20","1/31/21","4/30/21","7/31/21","10/31/21","1/31/22","4/30/22","7/31/22","10/31/22","1/31/23","4/30/23","7/31/23"],"revenue":[22236000,26386000,33464000,39175000,44288000,50504000,55242000,61820000,66912000,75113000,82221000,96523000,100897000,113863000,125341000,135788000,137983000,143246000]},{"ticker":"NOW","company":"ServiceNow","sector":"Infrastructure","description":"ServiceNow, Inc. provides enterprise cloud computing solutions that defines, structures, consolidates, manages, and automates services for enterprises worldwide. It operates the Now platform for workflow automation, artificial intelligence, machine learning, robotic process automation, performance analytics, electronic service catalogs and portals, configuration management systems, data benchmarking, encryption, and collaboration and development tools. The company also provides information technology (IT) service management applications; IT service management product suite for enterprise's employees, customers, and partners; IT business management product suite; IT operations management product that connects a customer's physical and cloud-based IT infrastructure; IT Asset Management to automate IT asset lifecycles; and security operations that connects with internal and third party. In addition, it offers governance, risk, and compliance product to manage risk and resilience; human resources, legal, and workplace service delivery products; safe workplace applications; customer service management product; and field service management applications. Further, it provides App Engine product; IntegrationHub enables application to extend workflows; and professional, industry solutions, and customer support services. It serves government, financial services, healthcare, telecommunications, manufacturing, IT services, technology, oil and gas, education, and consumer products through direct sales team and resale partners. It has a strategic partnership with Celonis to help customers identify and prioritize processes that are suitable for automation. The company was formerly known as Service-now.com and changed its name to ServiceNow, Inc. in May 2012. The company was founded in 2004 and is headquartered in Santa Clara, California.","logo":"https://static2.finnhub.io/file/publicdatany/finnhubimage/stock_logo/NOW.svg","peRatio":"86.33","psRatio":"16.20","pbRatio":"19.06","pcfRatio":"46.34","dates":["9/30/10","12/31/10","3/31/11","6/30/11","12/31/11","3/31/12","6/30/12","9/30/12","12/31/12","3/31/13","6/30/13","9/30/13","12/31/13","3/31/14","6/30/14","9/30/14","12/31/14","3/31/15","6/30/15","9/30/15","12/31/15","3/31/16","6/30/16","9/30/16","12/31/16","3/31/17","6/30/17","9/30/17","12/31/17","3/31/18","6/30/18","9/30/18","12/31/18","3/31/19","6/30/19","9/30/19","12/31/19","3/31/20","6/30/20","9/30/20","12/31/20","3/31/21","6/30/21","9/30/21","12/31/21","3/31/22","6/30/22","9/30/22","12/31/22","3/31/23","6/30/23","9/30/23"],"revenue":[16600000,21400000,25200000,29500000,73375000,47431000,56774000,64345000,75162000,85939000,102222000,111259000,125230000,139090000,166757000,178712000,198004000,211964000,246716000,261150000,285650000,305879000,341312000,357656000,385666000,416783000,471703000,498170000,546370000,589222000,631056000,673097000,715441000,788926000,833904000,885833000,951774000,1046340000,1070842000,1151972000,1250330000,1360000000,1409000000,1512000000,1614000000,1722000000,1752000000,1831000000,1940000000,2096000000,2150000000,2288000000]},{"ticker":"GTLB","company":"Gitlab","sector":"Application","description":"GitLab Inc., through its subsidiaries, develops software for the software development lifecycle in the United States, Europe, and the Asia Pacific. The company offers GitLab, a DevOps platform, which is a single application that leads to faster cycle time and allows visibility throughout and control over various stages of the DevOps lifecycle. It helps organizations to plan, build, secure, and deploy software to drive business outcomes. The company also provides related training and professional services. The company was formerly known as GitLab B.V. and changed its name to GitLab Inc. in July 2015. The company was founded in 2011 and is headquartered in San Francisco, California.","logo":"https://static2.finnhub.io/file/publicdatany/finnhubimage/stock_logo/950467098196.svg","peRatio":"-34.33","psRatio":"15.43","pbRatio":"9.28","pcfRatio":"-118.00","dates":["4/30/20","7/31/20","10/31/20","1/31/21","4/30/21","7/31/21","10/31/21","1/31/22","4/30/22","7/31/22","10/31/22","1/31/23","4/30/23","7/31/23"],"revenue":[29515000,34362000,42152000,46147000,49930000,58127000,66800000,77796000,87407000,101041000,112981000,122907000,126878000,139581000]},{"ticker":"ADBE","company":"Adobe","sector":"Infrastructure","description":"Adobe Inc. operates as a diversified software company worldwide. It operates through three segments: Digital Media, Digital Experience, and Publishing and Advertising. The Digital Media segment offers products, services, and solutions that enable individuals, teams, and enterprises to create, publish, and promote content; and Document Cloud, a unified cloud-based document services platform. Its flagship product is Creative Cloud, a subscription service that allows members to access its creative products. This segment serves content creators, workers, marketers, educators, enthusiasts, communicators, and consumers. The Digital Experience segment provides an integrated platform and set of applications and services that enable brands and businesses to create, manage, execute, measure, monetize, and optimize customer experiences from analytics to commerce. This segment serves marketers, advertisers, agencies, publishers, merchandisers, merchants, web analysts, data scientists, developers, and executives across the C-suite. The Publishing and Advertising segment offers products and services, such as e-learning solutions, technical document publishing, web conferencing, document and forms platform, web application development, and high-end printing, as well as Advertising Cloud offerings. The company offers its products and services directly to enterprise customers through its sales force and local field offices, as well as to end users through app stores and through its website at adobe.com. It also distributes products and services through a network of distributors, value-added resellers, systems integrators, software vendors and developers, retailers, and original equipment manufacturers. The company was formerly known as Adobe Systems Incorporated and changed its name to Adobe Inc. in October 2018. Adobe Inc. was founded in 1982 and is headquartered in San Jose, California.","logo":"https://static2.finnhub.io/file/publicdatany/finnhubimage/stock_logo/ADBE.svg","peRatio":"55.18","psRatio":"14.94","pbRatio":"17.91","pcfRatio":"35.19","dates":["2/28/86","5/31/86","8/31/86","11/30/86","2/28/87","5/31/87","8/31/87","11/30/87","2/29/88","5/31/88","8/31/88","11/30/88","2/28/89","5/31/89","8/31/89","11/30/89","2/28/90","5/31/90","8/31/90","11/30/90","2/28/91","5/31/91","8/31/91","11/30/91","2/29/92","5/31/92","8/31/92","11/30/92","2/28/93","5/31/93","8/31/93","11/30/93","2/28/94","5/31/94","8/31/94","11/25/94","3/03/95","6/02/95","9/01/95","12/01/95","3/01/96","5/31/96","8/30/96","11/29/96","2/28/97","5/30/97","8/29/97","11/28/97","2/27/98","5/29/98","8/28/98","11/27/98","3/05/99","6/04/99","9/03/99","12/03/99","3/03/00","6/02/00","9/01/00","12/01/00","3/02/01","6/01/01","8/31/01","11/30/01","3/01/02","5/31/02","8/30/02","11/29/02","2/28/03","5/30/03","8/29/03","11/28/03","3/05/04","6/04/04","9/03/04","12/03/04","3/04/05","6/03/05","9/02/05","12/02/05","3/03/06","6/02/06","9/01/06","12/01/06","3/02/07","6/01/07","8/31/07","11/30/07","2/29/08","5/08/08","8/29/08","11/28/08","2/27/09","5/29/09","8/28/09","11/27/09","3/05/10","6/04/10","9/03/10","12/03/10","3/04/11","6/03/11","9/02/11","12/02/11","3/02/12","6/01/12","8/31/12","11/30/12","3/01/13","5/31/13","8/30/13","11/29/13","2/28/14","5/30/14","8/29/14","11/28/14","2/27/15","5/29/15","8/28/15","11/27/15","3/04/16","6/03/16","9/02/16","12/02/16","3/03/17","6/02/17","9/01/17","12/01/17","3/02/18","6/01/18","8/31/18","11/30/18","3/01/19","5/31/19","8/30/19","11/29/19","2/28/20","5/29/20","8/28/20","11/27/20","3/05/21","6/04/21","9/03/21","12/03/21","3/04/22","6/03/22","9/02/22","12/02/22","3/03/23","6/02/23","9/01/23"],"revenue":[2400000,3500000,4900000,5300000,6900000,9600000,10600000,12300000,14200000,18800000,25200000,25300000,25500000,28100000,30000000,37700000,37200000,35300000,42800000,53300000,52600000,57100000,57200000,62800000,62600000,69600000,63000000,70700000,68500000,79600000,78800000,86600000,81300000,90400000,88400000,337700000,168592000,167992000,156654000,269101000,193642000,204337000,180909000,207675000,226459000,228264000,230039000,227132000,197813000,227310000,222932000,246736000,226902000,245886000,260876000,281770000,282232000,300085000,328867000,355194000,328969000,344093000,292118000,264540000,267896000,317359000,284879000,294654000,296895000,320146000,319122000,358586000,423281000,410085000,403713000,429502000,472882000,496029000,487039000,510371000,655478000,635456000,602191000,682175000,649407000,745577000,851686000,911211000,890445000,886886000,887257000,915301000,786390000,704673000,697507000,757283000,858700000,943035000,990319000,1007946000,1027706000,1023179000,1013212000,1152161000,1045220000,1124449000,1080580000,1153428000,1007873000,1010549000,995119000,1041699000,1000120000,1068208000,1005409000,1073328000,1109181000,1162158000,1217768000,1306404000,1383335000,1398709000,1463967000,1608419000,1681646000,1772190000,1841074000,2006595000,2078947000,2195360000,2291076000,2464625000,2600946000,2744280000,2834126000,2991944000,3091000000,3128000000,3225000000,3424000000,3905000000,3835000000,3935000000,4110000000,4262000000,4386000000,4433000000,4525000000,4655000000,4816000000,4890000000]}]}